@article{paper,
title = "A heuristic approach to the simulation of water drops and flows on glass panes",
journal = "Computers & Graphics",
volume = "37",
number = "8",
pages = "963 - 973",
year = "2013",
issn = "0097-8493",
doi = "https://doi.org/10.1016/j.cag.2013.08.004",
url = "http://www.sciencedirect.com/science/article/pii/S0097849313001295",
author = "Kai-Chun Chen and Pei-Shan Chen and Sai-Keung Wong",
keywords = "Water drops, Water flows, Simulation, Particle system, Height map"
}

@misc{Mitsuba,
   Author = {Wenzel Jakob},
   Year = {2010},
   Note = {http://www.mitsuba-renderer.org},
   Title = {Mitsuba renderer}
} 